@article{bo88,
  author = "Joseph E. Borovsky and David J. McComas and Bruce L. Barraclough",
  title = "The Secondary-Electron Yield Measured for 5-24 MeV Protons on Aluminum-Oxide and Gold Targets",
  journal = "Nuclear Instruments and Methods in Physics B",
  volume = "30",
  pages = "191--195",
  year = "1988",
}

@article{go99,
  author = "Bernard Gottschalk and Rachel Platais and Harald Paganetti",
  title = "Nuclear interactions of 160 MeV protons stopping in copper: A test of Monte Carlo nuclear models",
  journal = "Medical Physics",
  volume = "26",
  pages = "2597",
  year = "1999",
}

@article{st57,
  author = "E.J. Sternglass",
  title = "Theory of Secondary Electron Emission by High-Speed Ions",
  journal = "Physical Review",
  volume = "108",
  pages = "1",
  year = "1957",
}

@article{ne05,
  author = "Wayne Newhauser and Nicholas Koch and Stephen Hummel and Matthias Ziegler and Uwe Titt",
  title = "Monte Carlo simulations of a nozzle for the treatment of ocular tumours with high-energy proton beams",
  journal = "Physics in Medicine and Biology",
  volume = "50",
  pages = "5229--5249",
  year = "2005",
}

@article{ryckman,
  author = "Jeffrey M. Ryckman",
  title = "Using MCNPX to Calculate Primary and Secondary Done in Proton Therapy",
  journal = "Georgia Institute of Technology",
  note = "(Master's thesis)",
  year = "2011",
}

@article{Castaneda,
  author = "C.M. Castaneda and L. McGarry and C. Cahill and T. Essert",
  title = "Secondary electron yields from the bombardment of Al2O3 by protons, deuterons, alpha-particles and positively charged hydrogen molecules at energies in the range of 10 to 80 MeV",
  journal = "Nuclear Instruments and Methods in Physics Research B",
  volume = "129",
  pages = "199--202",
  year = "1997",
}

@article{kramer,
  author = "Daniel Kramer",
  title = "Design and Implementation of a Detector for High Flux Mixed Radiation Yields",
  journal = "Technical University of Liberec",
  note = "(Doctoral dissertation)",
  year = "2008",
}

@article{du02,
  author = "A. Dubus and N. Pauly and M. Rosler and H. Rothard and M. Beuve and M. Caron and B. Gervais and A. Clouvas and C. Potiriadis",
  title = "Experimental and theoretical study of the ratio between the electron emission yield and the electronic stopping power for protons incident on thin carbon foils",
  journal = "Nuclear Instruments and Methods in Physics Research B",
  volume = "193",
  pages = "621--625",
  year = "2002",
}

@misc{PTC-HIT,
  title = "Evaluation of Current Measuring Beam Stop",
  author = "J. Gordon and L. Magallanes",
  year = "2014",
  note = "Proprietary Calculations",
}