@ARTICLE{Gottschalk:1993,
	author = {Gottschalk, B.},
	title = {"A Poor Man's Faraday Cup"},
	journal = {Abstracts XIX PTCOG Meeting},
	year = {1993},
	volume = {13},
	pages = {123-456},
	number = {52},
	month = {March}
}

@ARTICLE{Gottschalk:2009,
	author = {Gottschalk, Bernard, and Cascio, Ethan},
	title = {"A Simplified Vaccuumless Faraday Cup for the Experimental Beamline at the Francis H. Burr Proton Therapy Center"},
	journal = {IEEE Radiation Effects Data Workshop},
	year = {2009},
	volume = {13},
	pages = {155-161}
}

@ARTICLE{Gordan:2014,
	author = {Gordan, J, and Magallanes, L},
	title = {"Evaluation of Current Measuring Beam Stop"},
	journal = {Proprietary Calculations},
	year = {2014},
	volume = {13},
	pages = {155-161}
}
